<record><leader>00000cas a22000007a 4500</leader><controlfield tag="001">14233318</controlfield><controlfield tag="008">860918d18981912pauwr ne      0    0eng d</controlfield><datafield ind1=" " ind2=" " tag="010"><subfield code="a">sn 87080017 </subfield></datafield><datafield ind1=" " ind2=" " tag="040"><subfield code="a">NPH</subfield><subfield code="b">eng</subfield><subfield code="c">NPH</subfield><subfield code="d">OCLCQ</subfield></datafield><datafield ind1=" " ind2=" " tag="042"><subfield code="a">msc</subfield></datafield><datafield ind1="0" ind2="4" tag="245"><subfield code="a">The Titusville courier.</subfield></datafield><datafield ind1=" " ind2=" " tag="260"><subfield code="a">Titusville, Pa. :</subfield><subfield code="b">Courier Print. Co.</subfield></datafield><datafield ind1=" " ind2=" " tag="300"><subfield code="a">v. :</subfield><subfield code="b">ill. ;</subfield><subfield code="c">56 cm.</subfield></datafield><datafield ind1=" " ind2=" " tag="310"><subfield code="a">Weekly</subfield></datafield><datafield ind1="1" ind2=" " tag="362"><subfield code="a">Began in 1898; ceased in 1912.</subfield><subfield code="z">Rossell, G. Pa. newspapers.</subfield></datafield><datafield ind1=" " ind2=" " tag="580"><subfield code="a">Titusville herald (Titusville, Pa. : 1900 : Weekly), and: Titusville evening courier, daily, interchanged circulation and "good will", selling exclusive rights for weekly circulation to Titusville courier, and for daily to Titusville herald, August 1911.</subfield></datafield><datafield ind1=" " ind2=" " tag="588"><subfield code="a">Description based on: Vol. 14, no. 1 (Sept. 8, 1911).</subfield></datafield><datafield ind1=" " ind2=" " tag="752"><subfield code="a">United States</subfield><subfield code="b">Pennsylvania</subfield><subfield code="c">Crawford</subfield><subfield code="d">Titusville.</subfield></datafield><datafield ind1="1" ind2="5" tag="780"><subfield code="t">Titusville herald (Titusville, Pa. : 1900 : Weekly)</subfield><subfield code="w">(DLC)sn 87078061</subfield><subfield code="w">(OCoLC)14233269</subfield></datafield></record>